<?xml version="1.0"?>
<marc:collection xmlns:marc="http://www.loc.gov/MARC21/slim" xmlns:xsi="http://www.w3.org/2001/XMLSchema-instance" xsi:schemaLocation="http://www.loc.gov/MARC21/slim http://www.loc.gov/standards/marcxml/schema/MARC21slim.xsd">
   <marc:record type="Bibliographic">
      <marc:leader>01938cam a2200385M  4500</marc:leader>
      <marc:controlfield tag="001">2773187</marc:controlfield>
      <marc:controlfield tag="003">NjP</marc:controlfield>
      <marc:controlfield tag="005">20130517105951.0</marc:controlfield>
      <marc:controlfield tag="008">980302s1960    sy h          001 0 ara d</marc:controlfield>
      <marc:datafield tag="024" ind1="7" ind2=" ">
         <marc:subfield code="a">princeton_aco000061</marc:subfield>
         <marc:subfield code="2">local</marc:subfield>
      </marc:datafield>
      <marc:datafield tag="010" ind1=" " ind2=" ">
         <marc:subfield code="a">ne 67001806 </marc:subfield>
      </marc:datafield>
      <marc:datafield tag="035" ind1=" " ind2=" ">
         <marc:subfield code="a">(OCoLC)ocn178483882</marc:subfield>
      </marc:datafield>
      <marc:datafield tag="035" ind1=" " ind2=" ">
         <marc:subfield code="a">(OCoLC)ocm39806759</marc:subfield>
      </marc:datafield>
      <marc:datafield tag="040" ind1=" " ind2=" ">
         <marc:subfield code="a">NYP</marc:subfield>
         <marc:subfield code="c">PUL</marc:subfield>
         <marc:subfield code="d">PUL</marc:subfield>
      </marc:datafield>
      <marc:datafield tag="035" ind1=" " ind2=" ">
         <marc:subfield code="a">(OCoLC)178483882</marc:subfield>
      </marc:datafield>
      <marc:datafield tag="035" ind1=" " ind2=" ">
         <marc:subfield code="9">CNH0451TS</marc:subfield>
      </marc:datafield>
      <marc:datafield tag="035" ind1=" " ind2=" ">
         <marc:subfield code="a">(NjP)2773187</marc:subfield>
      </marc:datafield>
      <marc:datafield tag="079" ind1=" " ind2=" ">
         <marc:subfield code="a">ocm39806759</marc:subfield>
         <marc:subfield code="z">ocm23490595</marc:subfield>
         <marc:subfield code="z">ocm67308802</marc:subfield>
      </marc:datafield>
      <marc:datafield tag="049" ind1=" " ind2=" ">
         <marc:subfield code="a">PULL</marc:subfield>
      </marc:datafield>
      <marc:datafield tag="100" ind1="1" ind2=" ">
         <marc:subfield code="6">880-01</marc:subfield>
         <marc:subfield code="a">Abu&#x304; al-T&#x323;ayyib al-Lughawi&#x304;, &#x2BB;Abd al-Wa&#x304;h&#x323;id ibn &#x2BB;Ali&#x304;,</marc:subfield>
         <marc:subfield code="d">-962 or 963.</marc:subfield>
      </marc:datafield>
      <marc:datafield tag="240" ind1="1" ind2="0">
         <marc:subfield code="6">880-02</marc:subfield>
         <marc:subfield code="a">Muthanna&#x301;</marc:subfield>
      </marc:datafield>
      <marc:datafield tag="245" ind1="1" ind2="0">
         <marc:subfield code="6">880-03</marc:subfield>
         <marc:subfield code="a">Kita&#x304;b al-Muthanna&#x301; /</marc:subfield>
         <marc:subfield code="c">ta&#x2BC;li&#x304;f Abi&#x304; al-T&#x323;ayyib &#x2BB;Abd al-Wa&#x304;h&#x323;id ibn &#x2BB;Ali&#x304; al-Lughawi&#x304; al-H&#x323;alabi&#x304; al-mutawaffa&#x304; sanat 351 H ; h&#x323;aqqaqahu wa-sharah&#x323;au wa-nashara h&#x323;awa&#x304;shi&#x304;h al-as&#x323;li&#x304;yah wa-akmal nawa&#x304;qis&#x323;uh &#x2BB;Izz al-Di&#x304;n al-Tannu&#x304;khi&#x304;.</marc:subfield>
      </marc:datafield>
      <marc:datafield tag="260" ind1=" " ind2=" ">
         <marc:subfield code="6">880-04</marc:subfield>
         <marc:subfield code="a">Dimashq :</marc:subfield>
         <marc:subfield code="b">al-Majma&#x2BB; al-&#x2BB;Ilmi&#x304; al-&#x2BB;Arabi&#x304;,</marc:subfield>
         <marc:subfield code="c">1960.</marc:subfield>
      </marc:datafield>
      <marc:datafield tag="300" ind1=" " ind2=" ">
         <marc:subfield code="a">12, 120 p.</marc:subfield>
         <marc:subfield code="b">facsims.</marc:subfield>
         <marc:subfield code="c">26 cm.</marc:subfield>
      </marc:datafield>
      <marc:datafield tag="546" ind1=" " ind2=" ">
         <marc:subfield code="a">In Arabic.</marc:subfield>
      </marc:datafield>
      <marc:datafield tag="650" ind1=" " ind2="0">
         <marc:subfield code="a">Arabic language</marc:subfield>
         <marc:subfield code="v">Glossaries, vocabularies, etc.</marc:subfield>
      </marc:datafield>
      <marc:datafield tag="700" ind1="1" ind2=" ">
         <marc:subfield code="6">880-05</marc:subfield>
         <marc:subfield code="a">Tanu&#x304;khi&#x304;, &#x2BB;Izz al-Di&#x304;n</marc:subfield>
         <marc:subfield code="e">ed.</marc:subfield>
      </marc:datafield>
      <marc:datafield tag="830" ind1=" " ind2="0">
         <marc:subfield code="6">880-06</marc:subfield>
         <marc:subfield code="a">Mat&#x323;bu&#x304;&#x2BB;a&#x304;t al-Majma&#x2BB; al-&#x2BB;Ilmi&#x304; al-&#x2BB;Arabi&#x304; bi-Dimashq.</marc:subfield>
      </marc:datafield>
      <marc:datafield tag="880" ind1="1" ind2=" ">
         <marc:subfield code="6">100-01/r</marc:subfield>
         <marc:subfield code="a">&#x627;&#x628;&#x648; &#x627;&#x644;&#x637;&#x64A;&#x628; &#x627;&#x644;&#x644;&#x63A;&#x648;&#x64A;&#x60C; &#x639;&#x628;&#x62F; &#x627;&#x644;&#x648;&#x627;&#x62D;&#x62F; &#x628;&#x646; &#x639;&#x644;&#x64A;&#x60C;</marc:subfield>
         <marc:subfield code="d">-962 or 963.</marc:subfield>
      </marc:datafield>
      <marc:datafield tag="880" ind1="1" ind2="0">
         <marc:subfield code="6">240-02/r</marc:subfield>
         <marc:subfield code="a">&#x645;&#x62B;&#x646;&#x649;</marc:subfield>
      </marc:datafield>
      <marc:datafield tag="880" ind1="1" ind2="0">
         <marc:subfield code="6">245-03/r</marc:subfield>
         <marc:subfield code="a">&#x643;&#x62A;&#x627;&#x628; &#x627;&#x644;&#x645;&#x62B;&#x646;&#x649; /</marc:subfield>
         <marc:subfield code="c">&#x62A;&#x623;&#x644;&#x64A;&#x641; &#x627;&#x628;&#x64A; &#x627;&#x644;&#x637;&#x64A;&#x628; &#x639;&#x628;&#x62F; &#x627;&#x644;&#x648;&#x627;&#x62D;&#x62F; &#x628;&#x646; &#x639;&#x644;&#x64A; &#x627;&#x644;&#x644;&#x63A;&#x648;&#x64A; &#x627;&#x644;&#x62D;&#x644;&#x628;&#x64A; &#x627;&#x644;&#x645;&#x62A;&#x648;&#x641;&#x627; &#x633;&#x646;&#x629; 351 &#x647; &#x61B; &#x62D;&#x642;&#x642;&#x647; &#x648;&#x634;&#x631;&#x62D; &#x648;&#x646;&#x634;&#x631; &#x62D;&#x648;&#x627;&#x634;&#x64A;&#x647; &#x627;&#x644;&#x627;&#x635;&#x644;&#x64A;&#x629; &#x648;&#x627;&#x643;&#x645;&#x644; &#x646;&#x648;&#x627;&#x642;&#x635;&#x647; &#x639;&#x632; &#x627;&#x644;&#x62F;&#x64A;&#x646; &#x627;&#x644;&#x62A;&#x646;&#x648;&#x62E;&#x64A;.</marc:subfield>
      </marc:datafield>
      <marc:datafield tag="880" ind1=" " ind2=" ">
         <marc:subfield code="6">260-04/r</marc:subfield>
         <marc:subfield code="a">&#x62F;&#x645;&#x634;&#x642; :</marc:subfield>
         <marc:subfield code="b">&#x627;&#x644;&#x645;&#x62C;&#x645;&#x639; &#x627;&#x644;&#x639;&#x644;&#x645;&#x64A; &#x627;&#x644;&#x639;&#x631;&#x628;&#x64A;&#x60C;</marc:subfield>
         <marc:subfield code="c">1960.</marc:subfield>
      </marc:datafield>
      <marc:datafield tag="880" ind1="1" ind2=" ">
         <marc:subfield code="6">700-05/r</marc:subfield>
         <marc:subfield code="a">&#x62A;&#x646;&#x648;&#x62E;&#x64A;&#x60C; &#x639;&#x632; &#x627;&#x644;&#x62F;&#x64A;&#x646;</marc:subfield>
         <marc:subfield code="e">ed.</marc:subfield>
      </marc:datafield>
      <marc:datafield tag="880" ind1=" " ind2="0">
         <marc:subfield code="6">830-06/r</marc:subfield>
         <marc:subfield code="a">&#x645;&#x637;&#x628;&#x648;&#x639;&#x627;&#x62A; &#x627;&#x644;&#x645;&#x62C;&#x645;&#x639; &#x627;&#x644;&#x639;&#x644;&#x645;&#x64A; &#x627;&#x644;&#x639;&#x631;&#x628;&#x64A; &#x628;&#x62F;&#x645;&#x634;&#x642;.</marc:subfield>
      </marc:datafield>
      <marc:datafield tag="911" ind1=" " ind2=" ">
         <marc:subfield code="a">20000130</marc:subfield>
      </marc:datafield>
      <marc:datafield tag="994" ind1=" " ind2=" ">
         <marc:subfield code="a">C0</marc:subfield>
         <marc:subfield code="b">PUL</marc:subfield>
      </marc:datafield>
      <marc:datafield tag="999" ind1=" " ind2=" ">
         <marc:subfield code="a">2773187</marc:subfield>
      </marc:datafield>
   </marc:record>
</marc:collection>
